<?xml version="1.0" encoding="UTF-8"?>
<collection xmlns:xsi="http://www.w3.org/2001/XMLSchema-instance" xsi:schemaLocation="http://www.loc.gov/MARC21/slim http://www.loc.gov/standards/marcxml/schema/MARC21slim.xsd" xmlns="http://www.loc.gov/MARC21/slim">
<record>
  <leader>00733cam a22002051  4500</leader>
  <controlfield tag="001">3063579</controlfield>
  <controlfield tag="003">NNC</controlfield>
  <controlfield tag="005">20130426014941.0</controlfield>
  <controlfield tag="008">010810s1906    ua            000 0 ara d</controlfield>
  <datafield tag="035" ind1=" " ind2=" ">
    <subfield code="a">(OCoLC)ocm47760617</subfield>
  </datafield>
  <datafield tag="035" ind1=" " ind2=" ">
    <subfield code="9">ATN5387CU</subfield>
  </datafield>
  <datafield tag="035" ind1=" " ind2=" ">
    <subfield code="a">(NNC)3063579</subfield>
  </datafield>
  <datafield tag="040" ind1=" " ind2=" ">
    <subfield code="a">ZCU</subfield>
    <subfield code="c">ZCU</subfield>
  </datafield>
  <datafield tag="099" ind1=" " ind2=" ">
    <subfield code="a">893.7991</subfield>
    <subfield code="a">N1861</subfield>
  </datafield>
  <datafield tag="100" ind1="1" ind2=" ">
    <subfield code="a">Abū al-Layth al-Samarqandī, Naṣr ibn Muḥammad,</subfield>
    <subfield code="d">-983?</subfield>
  </datafield>
  <datafield tag="245" ind1="1" ind2="0">
    <subfield code="a">Kitāb Tanbīh al-ghāfilīn,</subfield>
    <subfield code="c">lil-faqīh ... Mawlānā al-shaykh Naṣr ibn Muḥammad ibn Ibrāhīm al-Samarḳandī ... Wa-bi-hāmishihī: Bustān al-ʻārifīn, lil-muʾallif aydan.</subfield>
  </datafield>
  <datafield tag="250" ind1=" " ind2=" ">
    <subfield code="a">Al-Tabʻah al-2.</subfield>
  </datafield>
  <datafield tag="260" ind1=" " ind2=" ">
    <subfield code="a">Miṣr,</subfield>
    <subfield code="b">Maṭb. al-Taqaddum,</subfield>
    <subfield code="c">1324 h. [1906]</subfield>
  </datafield>
  <datafield tag="300" ind1=" " ind2=" ">
    <subfield code="a">216 p.</subfield>
  </datafield>
  <datafield tag="955" ind1=" " ind2=" ">
    <subfield code="b">CU58848762</subfield>
    <subfield code="d">off,glx</subfield>
    <subfield code="e">893.7991 N1861</subfield>
  </datafield>
</record>
</collection>